<record><leader>00000cas a22000007a 4500</leader><controlfield tag="001">15203198</controlfield><controlfield tag="008">870217d19741984inuwr ne      0    0eng d</controlfield><datafield ind1=" " ind2=" " tag="010"><subfield code="a">sn 87055393 </subfield></datafield><datafield ind1=" " ind2=" " tag="040"><subfield code="a">NPI</subfield><subfield code="b">eng</subfield><subfield code="c">NPI</subfield><subfield code="d">OCLCQ</subfield><subfield code="d">IUL</subfield></datafield><datafield ind1=" " ind2=" " tag="042"><subfield code="a">msc</subfield></datafield><datafield ind1=" " ind2=" " tag="043"><subfield code="a">n-us-in</subfield></datafield><datafield ind1="0" ind2="4" tag="245"><subfield code="a">The Fountain County star.</subfield></datafield><datafield ind1=" " ind2=" " tag="260"><subfield code="a">Kingman, Ind. :</subfield><subfield code="b">Torch Newspapers,</subfield><subfield code="c">1974-1984.</subfield></datafield><datafield ind1=" " ind2=" " tag="300"><subfield code="a">11 volumes</subfield></datafield><datafield ind1=" " ind2=" " tag="310"><subfield code="a">Weekly</subfield></datafield><datafield ind1="0" ind2=" " tag="362"><subfield code="a">Vol. 76, no. 16 (Apr. 17, 1974)-v. 87, no. 48 (Dec. 27, 1984).</subfield></datafield><datafield ind1=" " ind2=" " tag="500"><subfield code="a">Published in Covington, Ind., May 5, 1977-Dec. 27, 1984.</subfield></datafield><datafield ind1=" " ind2="0" tag="651"><subfield code="a">Kingman (Ind.)</subfield><subfield code="v">Newspapers.</subfield></datafield><datafield ind1=" " ind2="0" tag="651"><subfield code="a">Covington (Ind.)</subfield><subfield code="v">Newspapers.</subfield></datafield><datafield ind1=" " ind2="0" tag="651"><subfield code="a">Fountain County (Ind.)</subfield><subfield code="v">Newspapers.</subfield></datafield><datafield ind1=" " ind2=" " tag="752"><subfield code="a">United States</subfield><subfield code="b">Indiana</subfield><subfield code="c">Fountain</subfield><subfield code="d">Kingman.</subfield></datafield><datafield ind1=" " ind2=" " tag="752"><subfield code="a">United States</subfield><subfield code="b">Indiana</subfield><subfield code="c">Fountain</subfield><subfield code="d">Covington.</subfield></datafield><datafield ind1="0" ind2="0" tag="780"><subfield code="t">Kingman star</subfield><subfield code="w">(DLC)sn 87055392</subfield><subfield code="w">(OCoLC)15126620</subfield></datafield><datafield ind1="0" ind2="7" tag="785"><subfield code="t">Ledger tribune</subfield><subfield code="w">(DLC)sn 87055408</subfield><subfield code="w">(OCoLC)15203283</subfield></datafield><datafield ind1="0" ind2="7" tag="785"><subfield code="t">Star tribune (Attica, Ind.)</subfield><subfield code="x">8750-6548</subfield><subfield code="w">(DLC)sn 85000336</subfield><subfield code="w">(OCoLC)11619848</subfield></datafield></record>